<record><leader>00000cas a2200000 a 4500</leader><controlfield tag="001">11613758</controlfield><controlfield tag="008">850124d18861887ksuwr ne      0   a0eng d</controlfield><datafield ind1=" " ind2=" " tag="010"><subfield code="a">sn 85030012 </subfield></datafield><datafield ind1=" " ind2=" " tag="040"><subfield code="a">KSH</subfield><subfield code="b">eng</subfield><subfield code="c">KSH</subfield><subfield code="d">NPT</subfield><subfield code="d">OCL</subfield><subfield code="d">OCLCQ</subfield></datafield><datafield ind1=" " ind2=" " tag="042"><subfield code="a">msc</subfield></datafield><datafield ind1="0" ind2="0" tag="245"><subfield code="a">Santa-Fe trail.</subfield></datafield><datafield ind1=" " ind2=" " tag="260"><subfield code="a">Santa Fe, Kan. :</subfield><subfield code="b">Gilmore Bros.,</subfield><subfield code="c">1886-</subfield></datafield><datafield ind1=" " ind2=" " tag="300"><subfield code="a">v. ;</subfield><subfield code="c">59 cm.</subfield></datafield><datafield ind1=" " ind2=" " tag="310"><subfield code="a">Weekly</subfield></datafield><datafield ind1="0" ind2=" " tag="362"><subfield code="a">Vol. 1, no. 1 (June 11, 1886)-</subfield></datafield><datafield ind1="1" ind2=" " tag="362"><subfield code="a">Ceased with Dec. 23, 1887 issue?</subfield></datafield><datafield ind1=" " ind2=" " tag="500"><subfield code="a">"Democrat," Nov. 5, 1886-</subfield></datafield><datafield ind1=" " ind2=" " tag="500"><subfield code="a">Published by: Sayles &amp; Williams, Nov. 5, 1886-Apr. 15, 1887; Jay Shoemaker, May 6-Nov. 18, 1887; J.H. Williams, Nov. 25, 1887-</subfield></datafield><datafield ind1=" " ind2=" " tag="752"><subfield code="a">United States</subfield><subfield code="b">Kansas</subfield><subfield code="c">Finney</subfield><subfield code="d">Santa Fe.</subfield></datafield></record>